%Este es un documento auxiliar que contiene todas las referencias que pueden ser posteriormente citadas en el documento de la memoria.

@misc{Deusto,
title = {{Universidad de Deusto}},
url = {https://www.deusto.es/cs/Satellite/deusto/es/universidad-deusto},
urldate = {2019-06-17},
note= {https://www.deusto.es/cs/Satellite/deusto/es/universidad-deusto, (consultado el 17/6/19)}
}

%Cada uno de estos "párrafos" es una referencia que posteriormente se puede incluir en el documento, si se cita. Si no se cita, puede estar almacenada en este documento .bib pero no aparecerá en la memoria. El título con el que se habrá de citar es aquel que aparece  tras el primer "{", en este caso "Deusto" y en el siguiente "Puppy". Posteriormente a partir de las comas se indican diferentes parámetros de la referencia que ha sido guardada, como el título, el autor o la url. Todos estos parámetros no hay que incluirlos manualmente sino que ya lo hará Mendeley o el gestor de referencias correspondiente.

%Sin embargo, si hay que algún factor que no se ha incluido por defecto o que no aparece en las referencias y que os gustaría que sí apareciese, entonces se puede añadir un parámetro como el último incluido, que tiene el nombre "note". Todo lo que se sitúe entre dichos corchetes se añadirá a la bibliografía exactamente como se escriba aquí.

%El estilo "unsrt" no incluye por defecto la URL de la página web ni la fecha de última visita por lo que es necesario añadirlo como una nota para que aparezca en la bibliografía.

@misc{Puppy,
author = {{Jeff Koons}},
title = {{At the Guggenheim Museum Bilbao, Jeff Koons' Puppy Gets a Colorful New Coat}},
url = {https://www.guggenheim.org/news/bilbao-jeff-koons-puppy},
urldate = {2019-06-17},
note= {https://www.guggenheim.org/news/bilbao-jeff-koons-puppy, (consultado el 17/6/19)}
}
@misc{Gugg,
title = {{El edificio | Museo Guggenheim Bilbao}},
url = {https://www.guggenheim-bilbao.eus/el-edificio},
urldate = {2019-06-17},
note= {https://www.guggenheim-bilbao.eus/el-edificio, (consultado el 17/6/19)}
}
