
@misc{CartaDerechosDigitales2020,
	title = {La {Carta} de {Derechos} {Digitales} de {España}, pionera en {Europa} - {Aika}},
	url = {http://www.aikaeducacion.com/actualidad/la-carta-de-derechos-digitales-de-espana-pionera-en-europa/},
	abstract = {La pasada semana el Gobierno de España publicó la Carta de Derechos Digitales. Este documento es pionero en Europa para el marco legal de la digitalización.},
	language = {es},
	urldate = {2021-03-30},
	journal = {Aika Educación},
	month = nov,
	year = {2020},
	file = {Snapshot:files/39/la-carta-de-derechos-digitales-de-espana-pionera-en-europa.html:text/html},
}

@article{donasHACIACUARTAGENERACION,
	title = {{HACIA} {LA} {CUARTA} {GENERACIÓN} {DE} {DERECHOS} {HUMANOS}: {REPENSANDO} {LA} {CONDICIÓN} {HUMANA} {EN} {LA} {SOCIEDAD} {TECNOLÓGICA}},
	language = {es},
	author = {Donas, Dr Javier Bustamante},
	pages = {24},
	file = {Donas - HACIA LA CUARTA GENERACIÓN DE DERECHOS HUMANOS RE.pdf:files/40/Donas - HACIA LA CUARTA GENERACIÓN DE DERECHOS HUMANOS RE.pdf:application/pdf},
}

@misc{AgenciaEspanolaProteccion,
	title = {Agencia {Española} de {Protección} de {Datos} {\textbar} {AEPD}},
	url = {https://www.aepd.es/es},
	urldate = {2021-03-28},
}

@misc{anonymousComiteEuropeoProteccion2019,
	type = {Text},
	title = {Comité {Europeo} de {Protección} de {Datos} ({CEPD})},
	url = {https://europa.eu/european-union/about-eu/institutions-bodies/european-data-protection-board_es},
	abstract = {El CEPD es un órgano independiente que:},
	language = {en},
	urldate = {2021-03-28},
	journal = {Unión Europea},
	author = {Anonymous},
	month = dec,
	year = {2019},
	file = {Snapshot:files/41/european-data-protection-board_es.html:text/html},
}

@misc{AgenciaVascaProteccion2018,
	title = {Agencia {Vasca} de {Protección} de {Datos}},
	copyright = {Creative Commons Attribution-ShareAlike License},
	url = {https://es.wikipedia.org/w/index.php?title=Agencia_Vasca_de_Protecci%C3%B3n_de_Datos&oldid=106751747},
	abstract = {La Agencia Vasca de Protección de Datos (en euskera: Datuak Babesteko Euskal Bulegoa) es un ente de derecho público, con personalidad jurídica propia y plena capacidad pública y privada, que actúa con plena independencia de las administraciones públicas en el ejercicio de sus funciones y que tiene como cometido la aplicación y vigilancia del cumplimiento de la Ley Orgánica de Protección de Datos española por lo que se refiere al tratamiento de los datos de carácter personal contenidos en ficheros de titularidad pública creados y mantenidos por los organismos autonómicos, forales y locales de la Comunidad Autónoma del País Vasco (España).
Las competencias de vigilancia y supervisión sobre los ficheros de titularidad privada son de la Agencia Española de Protección de Datos por virtud de lo dispuesto en el artículo 41 de la Ley Orgánica de Protección de Datos.[2]​
Su ámbito de actuación se circunscribe a la Comunidad Autónoma del País Vasco, encontrándose su sede en la ciudad de Vitoria, en la Provincia de Álava.
Su creación se produjo por la Ley 2/2004, de 25 de febrero, de Ficheros de Datos de Carácter Personal de Titularidad Pública y de Creación de la Agencia Vasca de Protección de Datos; desarrollada, por lo que se refiere a la Agencia, por el Decreto 309/2005, de 18 de octubre, por el que se aprueba el Estatuto de la Agencia Vasca de Protección de Datos.[3]​[4]​},
	language = {es},
	urldate = {2021-03-28},
	journal = {Wikipedia, la enciclopedia libre},
	month = apr,
	year = {2018},
	note = {Page Version ID: 106751747},
	file = {Snapshot:files/42/index.html:text/html},
}

@misc{AutoridadCatalanaProteccion2019,
	title = {Autoridad {Catalana} de {Protección} de {Datos}},
	copyright = {Creative Commons Attribution-ShareAlike License},
	url = {https://es.wikipedia.org/w/index.php?title=Autoridad_Catalana_de_Protecci%C3%B3n_de_Datos&oldid=121400164},
	abstract = {La Autoridad Catalana de Protección de Datos (APDCAT; oficialmente y en catalán, Autoritat Catalana de Protecció de Dades), anteriormente llamada Agencia Catalana de Protección de Datos (ACPD), es un ente de derecho público y un organismo oficial de la Generalidad de Cataluña que responde directamente ante el Parlamento de Cataluña.[1]​ La finalidad de la agencia es velar por el cumplimiento de la legislación vigente sobre protección de datos de carácter personal y controlar la aplicación, derechos de información, acceso, rectificación, cancelación y oposición así como ejercer la postestad sancionadora e inmovilizar los datos que atenten contra los Derechos y deberes fundamentales de la Constitución Española. Fue creada el 2002.
Es teóricamente independiente de las administraciones y sujeto a la ley 30/1992.[2]​[3]​ El régimen de contratación de personal y patrimonial es de carácter privado. Colabora con el Síndico de Agravios de Cataluña y con el resto de instituciones y organismos de defensa de los derechos de las personas. Su sede está en Barcelona.
La protección de la privacidad es una obligación de cualquier entidad de la Administración pública catalana: la Generalitat, la Administración local, las universidades públicas catalanas y las empresas públicas con capital catalán.[4]​ Está regulada por las artículos 31 y 156 del Estatuto de Autonomía de 2006. La agencia no tiene competencias sobre empresas privadas, puesto que estas quedan en manos de la Agencia española de protección de datos.
Con las exigencias derivadas del Estatuto de autonomía de 2006, en el 2010 se incorporan algunas modificaciones a la legislación vigente en Cataluña sobre protección de datos y, entre estas, la misma denominación de la autoridad, para evitar la confusión de su naturaleza con lo otras entidades de carácter instrumental que bajo la denominación de agencias existentes en el ámbito administrativo.},
	language = {es},
	urldate = {2021-03-28},
	journal = {Wikipedia, la enciclopedia libre},
	month = nov,
	year = {2019},
	note = {Page Version ID: 121400164},
	file = {Snapshot:files/43/index.html:text/html},
}

@article{Ley200425,
	title = {Ley 2/2004, de 25 de febrero, de {Ficheros} de {Datos} de {Carácter} {Personal} de {Titularidad} {Pública} y de {Creación} de la {Agencia} {Vasca} de {Protección} de {Datos}.},
	language = {es},
	pages = {15},
	file = {Ley 22004, de 25 de febrero, de Ficheros de Datos.pdf:files/44/Ley 22004, de 25 de febrero, de Ficheros de Datos.pdf:application/pdf},
}

@article{Ley322010,
	title = {Ley 32/2010, de 1 de octubre, de la {Autoridad} {Catalana} de {Protección} de {Datos}.},
	language = {es},
	pages = {15},
	file = {Ley 322010, de 1 de octubre, de la Autoridad Cata.pdf:files/45/Ley 322010, de 1 de octubre, de la Autoridad Cata.pdf:application/pdf},
}

@book{oecdOECDGuidelinesProtection2002,
	title = {{OECD} {Guidelines} on the {Protection} of {Privacy} and {Transborder} {Flows} of {Personal} {Data}},
	isbn = {978-92-64-19719-0 978-92-64-19639-1},
	url = {https://www.oecd-ilibrary.org/science-and-technology/oecd-guidelines-on-the-protection-of-privacy-and-transborder-flows-of-personal-data_9789264196391-en},
	language = {es},
	urldate = {2021-03-28},
	publisher = {OECD},
	author = {{OECD}},
	month = feb,
	year = {2002},
	doi = {10.1787/9789264196391-en},
	file = {OECD - 2002 - OECD Guidelines on the Protection of Privacy and T.pdf:files/46/OECD - 2002 - OECD Guidelines on the Protection of Privacy and T.pdf:application/pdf},
}

@misc{DirectivaProteccionDatos2020,
	title = {Directiva de {Protección} de {Datos}},
	copyright = {Creative Commons Attribution-ShareAlike License},
	url = {https://es.wikipedia.org/w/index.php?title=Directiva_de_Protecci%C3%B3n_de_Datos&oldid=128168162},
	abstract = {La Directiva de Protección de Datos (oficialmente Directiva 95/46/CE relativa a la protección de personas físicas en lo respectivo al tratamiento de datos personales y a la libre circulación de estos datos) fue una directiva de la Unión Europea adoptada en 1995 que regulaba el procesamiento de datos personales dentro de la Unión Europea. Esta directiva fue sustituida en 2016 por el Reglamento General de Protección de Datos de la Unión Europea, aplicable en todos los países de la unión.},
	language = {es},
	urldate = {2021-03-28},
	journal = {Wikipedia, la enciclopedia libre},
	month = aug,
	year = {2020},
	note = {Page Version ID: 128168162},
	file = {Snapshot:files/47/index.html:text/html},
}

@article{DIRECTIVAUE2016,
	title = {{DIRECTIVA}  ({UE})  2016/  680  {DEL}  {PARLAMENTO}  {EUROPEO}  {Y}  {DEL}  {CONSEJO} de  27  de  abril  de  2016},
	language = {es},
	pages = {43},
	file = {DIRECTIVA  (UE)  2016  680  DEL  PARLAMENTO  EUROPEO  Y  DEL  CONSEJO  -  de  27  de  abril  de  2016:files/55/DIRECTIVA  (UE)  2016  680  DEL  PARLAMENTO  EURO.pdf:application/pdf},
}

@misc{ComiteEuropeoProteccion2020,
	title = {Comité {Europeo} de {Protección} de {Datos}},
	copyright = {Creative Commons Attribution-ShareAlike License},
	url = {https://es.wikipedia.org/w/index.php?title=Comit%C3%A9_Europeo_de_Protecci%C3%B3n_de_Datos&oldid=130506345},
	abstract = {El Comité Europeo de Protección de Datos (CEPD) es un organismo europeo independiente cuyos objetivos son garantizar la aplicación coherente del Reglamento General de Protección de Datos (RGPD) en la Unión Europea (UE), así como Noruega, Liechtenstein e Islandia, y promover la cooperación entre las autoridades de protección de datos de los estados de la UE. 
El 25 de mayo de 2018, con la entrada en vigor del RGPD, el CEPD sustituyó al Grupo de Trabajo del Artículo 29.[1]​},
	language = {es},
	urldate = {2021-03-28},
	journal = {Wikipedia, la enciclopedia libre},
	month = oct,
	year = {2020},
	note = {Page Version ID: 130506345},
	file = {Snapshot:files/48/index.html:text/html},
}

@misc{LeyOrganicaProteccion2021,
	title = {Ley {Orgánica} de {Protección} de {Datos} de {Carácter} {Personal} ({España})},
	copyright = {Creative Commons Attribution-ShareAlike License},
	url = {https://es.wikipedia.org/w/index.php?title=Ley_Org%C3%A1nica_de_Protecci%C3%B3n_de_Datos_de_Car%C3%A1cter_Personal_(Espa%C3%B1a)&oldid=133643386},
	abstract = {La Ley Orgánica 15/1999, de 13 de diciembre, de Protección de Datos de Carácter Personal (LOPD), fue una ley orgánica española que tenía por objetivo garantizar y proteger, en lo que concierne al tratamiento de los datos personales, las libertades públicas y también los derechos fundamentales de las personas físicas, y especialmente de su honor, intimidad ,privacidad personal y familiar. Fue aprobada por las Cortes Generales el 13 de diciembre de 1999 y derogada con la entrada en vigor, el 7 de diciembre de 2018, de la Ley Orgánica 3/2018 de Protección de Datos Personales y garantía de los derechos digitales, que adapta la legislación española al Reglamento General de Protección de Datos de la Unión Europea.
Esta ley se desarrolló en el artículo 18 de la constitución española de 1978, sobre el derecho a la intimidad familiar. Quedaban excluidas de esta normativa aquellos datos recogidos para uso doméstico, las materias clasificadas del estado y aquellos ficheros que recogen datos sobre terrorismo y otras formas de delincuencia organizada (no simple delincuencia).
La Agencia Española de Protección de Datos, de ámbito estatal y creada en 1992, es la encargada de velar por el cumplimiento de esta Ley.},
	language = {es},
	urldate = {2021-03-28},
	journal = {Wikipedia, la enciclopedia libre},
	month = mar,
	year = {2021},
	note = {Page Version ID: 133643386},
	file = {Snapshot:files/49/index.html:text/html},
}

@misc{LeyOrganicaProteccion2020,
	title = {Ley {Orgánica} de {Protección} de {Datos} {Personales} y garantía de los derechos digitales},
	copyright = {Creative Commons Attribution-ShareAlike License},
	url = {https://es.wikipedia.org/w/index.php?title=Ley_Org%C3%A1nica_de_Protecci%C3%B3n_de_Datos_Personales_y_garant%C3%ADa_de_los_derechos_digitales&oldid=131405564},
	abstract = {La Ley Orgánica 3/2018, de 5 de diciembre, de Protección de Datos Personales y garantía de los derechos digitales (LOPD-GDD) es una ley orgánica aprobada por las Cortes Generales de España que tiene por objeto adaptar el Derecho interno español al Reglamento General de Protección de Datos. Esta ley orgánica deroga a la anterior Ley Orgánica 15/1999 de Protección de Datos de Carácter Personal (aunque se mantiene vigente para la regulación de ciertas actividades).[n. 1]​[n. 2]​
Esta ley entró en vigor el 7 de diciembre de 2018.},
	language = {es},
	urldate = {2021-03-28},
	journal = {Wikipedia, la enciclopedia libre},
	month = dec,
	year = {2020},
	note = {Page Version ID: 131405564},
	file = {Snapshot:files/50/index.html:text/html},
}

@misc{ReglamentoGeneralProteccion2021,
	title = {Reglamento {General} de {Protección} de {Datos}},
	copyright = {Creative Commons Attribution-ShareAlike License},
	url = {https://es.wikipedia.org/w/index.php?title=Reglamento_General_de_Protecci%C3%B3n_de_Datos&oldid=133596548},
	abstract = {El Reglamento General de Protección de Datos (RGPD) es el reglamento europeo relativo a la protección de las personas físicas en lo que respecta al tratamiento de sus datos personales y a la libre circulación de estos datos. Entró en vigor el 25 de mayo de 2016 y fue de aplicación el 25 de mayo de 2018, dos años durante los cuales las empresas, las organizaciones, los organismos y las instituciones se fueron adaptando para su cumplimiento. Es una normativa a nivel de la Unión Europea, por lo que cualquier empresa de la unión, o aquellas empresas que tengan negocios en la Unión Europea, que manejen información personal de cualquier tipo, deberán acogerse a ella. Las multas por el no cumplimiento del RGPD pueden llegar a los 20 millones de euros.
En España, el RGPD dejó obsoleta la Ley Orgánica de Protección de Datos de Carácter Personal (LOPD) de 1999, siendo sustituida el 6 de diciembre de 2018 por la Ley Orgánica de Protección de Datos Personales y garantía de los derechos digitales, acorde con el RGPD.[1]​},
	language = {es},
	urldate = {2021-03-28},
	journal = {Wikipedia, la enciclopedia libre},
	month = feb,
	year = {2021},
	note = {Page Version ID: 133596548},
	file = {Snapshot:files/51/index.html:text/html},
}

@book{samperLeyOrganica20182020,
	edition = {1},
	title = {Ley {Orgánica} 3/2018, de 5 de diciembre, de {Protección} de {Datos} {Personales} y garantía de los derechos digitales},
	isbn = {978-84-13-77085-7 978-84-13-77029-1},
	shorttitle = {Protección de datos personales},
	url = {http://www.jstor.org/stable/10.2307/j.ctv17hm980},
	language = {es},
	urldate = {2021-03-28},
	publisher = {Dykinson},
	author = {Samper, María Burzaco},
	month = sep,
	year = {2020},
	doi = {10.2307/j.ctv17hm980},
	file = {Ley Orgánica 3/2018, de 5 de diciembre, de Protección de Datos Personales y garantía de los derechos digitales:files/52/Samper - 2020 - Protección de datos personales Esquemas.pdf:application/pdf;Samper - 2020 - Protección de datos personales Esquemas.pdf:files/53/Samper - 2020 - Protección de datos personales Esquemas.pdf:application/pdf},
}

@misc{ApartadosMemoria,
	title = {Apartados de la memoria},
	url = {https://docs.google.com/document/d/1bdzVmbwX1kqfmkjWi15udl4HNPwVEu9ot7rn97Nl_rg/edit?usp=embed_facebook},
	abstract = {Sistemas de Recomendación  Privacidad Digital  Legislación https://es.wikipedia.org/wiki/Reglamento\_General\_de\_Protección\_de\_Datos\#cite\_note-23 https://es.wikipedia.org/wiki/Ley\_Orgánica\_de\_Protección\_de\_Datos\_Personales\_y\_garantía\_de\_los\_derechos\_digitales\#Controversias https://es.wikipedia.org/...},
	language = {es},
	urldate = {2021-03-27},
	journal = {Google Docs},
	file = {Snapshot:files/56/edit.html:text/html},
}

@article{DIRECTIVAUE2016a,
	title = {{DIRECTIVA}  ({UE})  2016/  680  {DEL}  {PARLAMENTO}  {EUROPEO}  {Y}  {DEL}  {CONSEJO}  -  de  27  de  abril  de  2016  -  relativa  a  la  protección  de  las  personas  físicas  en  lo  que  respecta  al  tratamiento  de  datos  personales  por  parte  de  las  autoridades  competentes  para  fines  de  prevención,  investigación,  detección  o  enjuiciamiento  de  infracciones  penales  o  de  ejecución  de  sanciones  penales,  y  a  la  libre  circulación  de  dichos  datos  y  por  la  que  se  deroga  la  {Decisión}  {Marco}  2008/  977/  {JAI}  del  {Consejo}},
	language = {es},
	pages = {43},
	file = {DIRECTIVA  (UE)  2016  680  DEL  PARLAMENTO  EURO.pdf:files/57/DIRECTIVA  (UE)  2016  680  DEL  PARLAMENTO  EURO.pdf:application/pdf},
}

@article{CartaDerechosFundamentalesb,
	title = {Carta de los {Derechos} {Fundamentales} de la {Unión} {Europea}},
	pages = {17},
	file = {Carta de los Derechos Fundamentales de la Unión Eu.pdf:files/38/Carta de los Derechos Fundamentales de la Unión Eu.pdf:application/pdf;Carta de los Derechos Fundamentales de la Unión Eu.pdf:files/54/Carta de los Derechos Fundamentales de la Unión Eu.pdf:application/pdf;Carta de los Derechos Fundamentales de la Unión Eu.pdf:files/58/Carta de los Derechos Fundamentales de la Unión Eu.pdf:application/pdf},
}

@misc{ProteccionDatosUEa,
	type = {Text},
	title = {La protección de datos en la {UE}},
	url = {https://ec.europa.eu/info/law/law-topic/data-protection/data-protection-eu_en},
	abstract = {The General Data Protection Regulation (GDPR), the Data Protection Law Enforcement Directive and other rules concerning the protection of personal data.},
	language = {es},
	urldate = {2021-03-27},
	journal = {Comisión Europea - European Commission},
	file = {Snapshot:files/59/data-protection-eu_es.html:text/html},
}

@misc{ComiteEuropeoProteccion,
	title = {Comité {Europeo} de {Protección} de {Datos} ({CEPD}) {\textbar} {Unión} {Europea}},
	url = {https://europa.eu/european-union/about-eu/institutions-bodies/european-data-protection-board_es},
	urldate = {2021-03-27},
	file = {Comité Europeo de Protección de Datos (CEPD) | Unión Europea:files/60/european-data-protection-board_es.html:text/html},
}

@misc{RaspberryPi,
	title = {Raspberry {Pi} 3},
	url = {https://www.freepng.es/png-e1e5ga},
	urldate = {2021-04-09},
	file = {imagen png - imagen transparente descarga gratuita:files/62/png-e1e5ga.html:text/html},
}

@misc{JetsonNano,
	title = {Jetson {Nano}},
	url = {https://www.nvidia.com/en-il/autonomous-machines/jetson-store/},
	urldate = {2021-04-09},
	file = {Buy the Latest Jetson Products | NVIDIA Developer:files/64/jetson-store.html:text/html},
}

@misc{CapituloAntecedentesJustificacion,
	title = {Capítulo 2: {Antecedentes} y {Justificación} - {Documentos} de {Google}},
	url = {https://docs.google.com/document/d/1kjoc7tVejV5sfuiaI57LXGUyiqMnJhHQvKZl0eAAv7A/edit#heading=h.o6adamx7t5e9},
	urldate = {2021-04-14},
	file = {Capítulo 2\: Antecedentes y Justificación - Documentos de Google:files/69/edit.html:text/html;Capítulo 2\: Antecedentes y Justificación - Documentos de Google:files/70/edit.html:text/html},
}

@misc{WelcomeLightFMDocumentation,
	title = {Welcome to {LightFM}’s documentation! — {LightFM} 1.15 documentation},
	url = {https://making.lyst.com/lightfm/docs/home.html},
	urldate = {2021-04-19},
	file = {Welcome to LightFM’s documentation! — LightFM 1.15 documentation:files/72/home.html:text/html},
}

@misc{SparseMatrix2021,
	title = {Sparse matrix},
	copyright = {Creative Commons Attribution-ShareAlike License},
	url = {https://en.wikipedia.org/w/index.php?title=Sparse_matrix&oldid=1009832634},
	abstract = {In numerical analysis and scientific computing, a sparse matrix or sparse array is a matrix in which most of the elements are zero. There is no strict definition how many elements need to be zero for a matrix to be considered sparse but a common criterion is that the number of non-zero elements is roughly the number of rows or columns. By contrast, if most of the elements are nonzero, then the matrix is considered dense. The number of zero-valued elements divided by the total number of elements (e.g., m × n for an m × n matrix) is sometimes referred to as the sparsity of the matrix.
Conceptually, sparsity corresponds to systems with few pairwise interactions. For example, consider a line of balls connected by springs from one to the next: this is a sparse system as only adjacent balls are coupled. By contrast, if the same line of balls had springs connecting each ball to all other balls, the system would correspond to a dense matrix. The concept of sparsity is useful in combinatorics and application areas such as network theory and numerical analysis, which typically have a low density of significant data or connections. Large sparse matrices often appear in scientific or engineering applications when solving partial differential equations.
When storing and manipulating sparse matrices on a computer, it is beneficial and often necessary to use specialized algorithms and data structures that take advantage of the sparse structure of the matrix. Specialized computers have been made for sparse matrices, as they are common in the machine learning field. Operations using standard dense-matrix structures and algorithms are slow and inefficient when applied to large sparse matrices as processing and memory are wasted on the zeros. Sparse data is by nature more easily compressed and thus requires significantly less storage. Some very large sparse matrices are infeasible to manipulate using standard dense-matrix algorithms.},
	language = {en},
	urldate = {2021-04-19},
	journal = {Wikipedia},
	month = mar,
	year = {2021},
	note = {Page Version ID: 1009832634},
	file = {Snapshot:files/74/index.html:text/html},
}

@misc{zotero-83,
	url = {https://upload.wikimedia.org/wikipedia/commons/5/53/Empirical_Cycle.svg},
	urldate = {2021-04-20},
	file = {https\://upload.wikimedia.org/wikipedia/commons/5/53/Empirical_Cycle.svg:files/84/Empirical_Cycle.html:text/html},
}

@misc{ComoFuncionaInvestigacion2020,
	title = {Cómo funciona la investigación cuantitativa paso a paso},
	url = {https://www.cimec.es/la-investigacion-cuantitativa-paso-a-paso/},
	abstract = {En este artículo te contamos, paso a paso, cómo funciona la investigación cuantitativa y cómo trabajamos en CIMEC para llevarla a cabo.},
	language = {es},
	urldate = {2021-04-20},
	journal = {CIMEC},
	month = mar,
	year = {2020},
	file = {Snapshot:files/88/la-investigacion-cuantitativa-paso-a-paso.html:text/html},
}

@misc{InvestigacionEmpirica2020,
	title = {Investigación empírica},
	copyright = {Creative Commons Attribution-ShareAlike License},
	url = {https://es.wikipedia.org/w/index.php?title=Investigaci%C3%B3n_emp%C3%ADrica&oldid=127477170},
	abstract = {La investigación empírica es la investigación que utiliza evidencia empírica. También es una forma de obtener conocimiento mediante la observación o experiencia directa e indirecta. El empirismo valora tal investigación más que otros tipos. La evidencia empírica (el registro de las observaciones o experiencias directas) puede analizarse cuantitativa o cualitativamente. Cuantificando la evidencia o dándole sentido en forma cualitativa, un investigador puede responder preguntas empíricas, que deben estar claramente definidas y responder con la evidencia recolectada (generalmente llamada información). El diseño de la investigación varía según el campo y la pregunta que se investiga. Muchos investigadores combinan formas de análisis cualitativas y cuantitativas para responder mejor a preguntas que no pueden estudiarse en entornos de laboratorio, particularmente en las ciencias sociales y en la educación. 
En algunos campos, la investigación cuantitativa puede comenzar con una pregunta de investigación (por ejemplo, "¿Escuchar música vocal durante el aprendizaje de una lista de palabras tiene un efecto en la memoria posterior de estas palabras?") Que se prueba a través de la experimentación. Por lo general, el investigador tiene una cierta teoría con respecto al tema bajo investigación. Con base en esta teoría, se propondrán enunciados o hipótesis (por ejemplo, "Escuchar la voz vocal tiene un efecto negativo en el aprendizaje de una lista de palabras"). De estas hipótesis, se derivan predicciones sobre eventos específicos (por ejemplo, "Las personas que estudian una lista de palabras mientras escuchan música vocal recordarán menos palabras en una prueba de memoria posterior que las personas que estudian una lista de palabras en silencio"). Estas predicciones se pueden probar con un experimento adecuado. Dependiendo de los resultados del experimento, la teoría en la que se basaron las hipótesis y las predicciones será respaldada o no,[1]​ o puede necesitar ser modificada y luego sometida a pruebas adicionales.},
	language = {es},
	urldate = {2021-04-20},
	journal = {Wikipedia, la enciclopedia libre},
	month = jul,
	year = {2020},
	note = {Page Version ID: 127477170},
	file = {Snapshot:files/90/index.html:text/html},
}

@misc{InvestigacionCuantitativa2021,
	title = {Investigación cuantitativa},
	copyright = {Creative Commons Attribution-ShareAlike License},
	url = {https://es.wikipedia.org/w/index.php?title=Investigaci%C3%B3n_cuantitativa&oldid=133597252},
	abstract = {La investigación cuantitativa es una estrategia de investigación que se centra en cuantificar la recopilación y el análisis de datos.[1]​ Se forma a partir de un enfoque deductivo en el que se hace hincapié en la comprobación de la teoría, moldeada por filosofías empiristas y positivistas. 
Asociada con las ciencias naturales, aplicadas, formales y sociales, esta estrategia de investigación promueve la investigación empírica objetiva de los fenómenos observables para probar y comprender las relaciones. Esto se hace a través de una variedad de métodos y técnicas de cuantificación, reflejando su amplia utilización como estrategia de investigación en diferentes disciplinas académicas.[2]​[3]​[4]​
El objetivo de la investigación cuantitativa es desarrollar y emplear modelos matemáticos, teorías e hipótesis relacionadas con los fenómenos. El proceso de medición es fundamental para la investigación cuantitativa porque proporciona la conexión fundamental entre la observación empírica y la expresión matemática de las relaciones cuantitativas.
Los datos cuantitativos son cualquier dato que esté en forma numérica, como estadísticas, porcentajes, etc.[4]​ El investigador analiza los datos con la ayuda de estadísticas y espera que los números produzcan un resultado imparcial que pueda generalizarse a una población mayor. La investigación cualitativa, por otro lado, indaga profundamente en experiencias específicas, con la intención de describir y explorar el significado a través del texto, la narrativa o los datos visuales, desarrollando temas exclusivos para ese conjunto de participantes.[5]​
La investigación cuantitativa se utiliza ampliamente en psicología, economía, demografía, sociología, marketing, salud comunitaria, salud y desarrollo humano, estudios de género y ciencias políticas; y con menos frecuencia en antropología e historia. La investigación en ciencias matemáticas, como la física, también es "cuantitativa" por definición, aunque este uso del término difiere en el contexto. En las ciencias sociales, el término se relaciona con los métodos empíricos que se originan tanto en el positivismo filosófico como en la historia de la estadística, en contraste con los métodos de investigación cualitativa.
La investigación cualitativa produce información solo sobre los casos particulares estudiados, y cualquier conclusión más general es solo hipótesis. Se pueden utilizar métodos cuantitativos para verificar cuáles de estas hipótesis son verdaderas. Un análisis exhaustivo de 1274 artículos publicados en las dos principales revistas de sociología estadounidenses entre 1935 y 2005 encontró que aproximadamente dos tercios de estos artículos utilizaban el método cuantitativo.[6]​},
	language = {es},
	urldate = {2021-04-20},
	journal = {Wikipedia, la enciclopedia libre},
	month = feb,
	year = {2021},
	note = {Page Version ID: 133597252},
	file = {Snapshot:files/92/index.html:text/html},
}

@misc{CicloVidaSoftware2016,
	title = {El {Ciclo} de {Vida} del {Software} {\textbar} {Proceso} {Básico} en {Metodologías}},
	url = {https://okhosting.com/blog/el-ciclo-de-vida-del-software/},
	abstract = {Conoce toda la información acerca del Ciclo de Vida del Software. Todo sobre el proceso básico del desarrollo de software basado en las metodologías.},
	language = {es},
	urldate = {2021-04-20},
	journal = {OK HOSTING {\textbar} Hospedaje Web, Dominios, Desarrollo de Software, Marketing Online, SEO},
	month = oct,
	year = {2016},
	file = {Snapshot:files/94/el-ciclo-de-vida-del-software.html:text/html},
}
